@article{caadef,
  author = {U.K. CAA},
  title  = {How air traffic control works},
  year   = {2022},
  url    = {https://www.caa.co.uk/Consumers/Guide-to-aviation/How-air-traffic-control-works/}
}

@article{greatcircledistance,
  author = {Wikipedia},
  title  = {Great-circle distance},
  year   = {2022},
  url    = {https://en.wikipedia.org/wiki/Great-circle_distance}
}

@article{haversine,
  author = {Wikipedia},
  title  = {Haversine formula},
  year   = {2022},
  ur     = {https://en.wikipedia.org/wiki/Haversine_formula}
}

@article{indiaatcshortage,
  author = {Gaurav Joshi},
  title  = {India Is Facing A Shortage Of Air Traffic Controllers},
  year   = {2022},
  url    = {https://simpleflying.com/india-shortage-air-traffic-controllers/}
}

@article{natsbuzz,
  author = {NATS},
  title  = {Being a Controller - The buzz},
  year   = {2019},
  url    = {https://vimeo.com/363827878}
}

@article{natscareers,
  author = {NATS},
  title  = {Trainee Air Traffic Controllers},
  year   = {2023},
  url    = {https://www.nats.aero/careers/trainee-air-traffic-controllers/}
}

@article{pidcontroller,
  author = {Wikipedia},
  title  = {PID Controller},
  year   = {2022},
  url    = {https://en.wikipedia.org/wiki/PID_controller}
}

@article{waypoint,
  author = {Wikipedia},
  title  = {Waypoint},
  year   = {2022},
  url    = {https://en.wikipedia.org/wiki/Waypoint}
}
